====================================================================================================
Computação Móvel no Auxílio de Alunos com Necessidades Especiais
====================================================================================================
Trabalho de conclusão de curso
----------------------------------------------------------------------------------------------------
Autor			: Diego Dalto e Marcio Ariani Feitosa
Orientador		: Kleber Kruger
Instituição 		: UFMS - Universidade Federal do Mato Grosso do Sul
Unidade		: CPCX - Campus de Coxim
----------------------------------------------------------------------------------------------------
Arquivo		: tcc.tex
Data de criação	: 12 de Novembro de 2017
====================================================================================================

@article{hasselbring2000use,
	title={Use of computer technology to help students with special needs},
	author={Hasselbring, Ted S and Glaser, Candyce H Williams},
	journal={The Future of Children},
	pages={102--122},
	year={2000},
	publisher={JSTOR}
}

@article{giroto2012tecnologias,
	title={As tecnologias nas pr{\'a}ticas pedag{\'o}gicas inclusivas},
	author={Giroto, Claudia Regina Mosca and POKER, Rosimar Bortolini and OMOTE, Sad{\~a}o},
	journal={Mar{\'\i}lia: Cultura Acad{\^e}mica},
	year={2012}
}

@article{fernandez2013mobile,
	title={Mobile learning technology based on iOS devices to support students with special education needs},
	author={Fern{\'a}Ndez-L{\'o}Pez, {\'A}Lvaro and Rodr{\'\i}Guez-F{\'o}Rtiz, Mar{\'\i}A Jos{\'e} and Rodr{\'\i}Guez-Almendros, Mar{\'\i}A Luisa and Mart{\'\i}Nez-Segura, Mar{\'\i}A Jos{\'e}},
	journal={Computers \& Education},
	volume={61},
	pages={77--90},
	year={2013},
	publisher={Elsevier}
}

@article{mejias2006teaching,
	title={Teaching social software with social software},
	author={Mejias, Ulises},
	journal={Innovate: Journal of Online Education},
	volume={2},
	number={5},
	pages={2},
	year={2006}
}

@article{bergonzoni2006dificuldades,
	title={Dificuldades de Aprendizagem e suas causas: o olhar do professor de 1{\textordfeminine} a 4{\textordfeminine} s{\'e}ries do Ensino Fundamental},
	author={Bergonzoni Stefanini, Maria Cristina and Belletti Cruz, S{\^o}nia Aparecida},
	journal={Educa{\c{c}}{\~a}o},
	volume={29},
	number={1},
	year={2006},
	publisher={Pontif{\'\i}cia Universidade Cat{\'o}lica do Rio Grande do Sul}
}

@article{fernandes2009alunos,
	title={Alunos com necessidades educacionais especiais (NEEs): avaliar para o desenvolvimento pleno de suas capacidades},
	author={Fernandes, Tereza Liduina Grig{\'o}rio and Viana, Tania Vicente},
	journal={Estudos em Avalia{\c{c}}{\~a}o Educacional},
	volume={20},
	number={43},
	pages={305--318},
	year={2009}
}

@article{gomes2010escolarizaccao,
	title={Escolariza{\c{c}}{\~a}o inclusiva de alunos com autismo na rede municipal de ensino de Belo Horizonte},
	author={Gomes, Camila Graciella Santos and Mendes, Enic{\'e}ia Gon{\c{c}}alves},
	journal={Revista Brasileira de Educa{\c{c}}{\~a}o Especial},
	volume={16},
	number={3},
	pages={375--396},
	year={2010}
}